<record><leader>00000cas a22000007a 4500</leader><controlfield tag="001">31362446</controlfield><controlfield tag="008">941026d19561960akumx ne      0    0eng d</controlfield><datafield ind1=" " ind2=" " tag="010"><subfield code="a">sn 94050109 </subfield></datafield><datafield ind1=" " ind2=" " tag="040"><subfield code="a">ANE</subfield><subfield code="b">eng</subfield><subfield code="c">ANE</subfield><subfield code="d">OCLCQ</subfield><subfield code="d">OCLCF</subfield><subfield code="d">OCLCO</subfield></datafield><datafield ind1="1" ind2=" " tag="029"><subfield code="a">AU@</subfield><subfield code="b">000011357738</subfield></datafield><datafield ind1=" " ind2=" " tag="042"><subfield code="a">msc</subfield></datafield><datafield ind1=" " ind2=" " tag="043"><subfield code="a">n-us-ak</subfield></datafield><datafield ind1="0" ind2="4" tag="245"><subfield code="a">The mailboat monitor.</subfield></datafield><datafield ind1=" " ind2=" " tag="260"><subfield code="a">Seward, Alaska :</subfield><subfield code="b">M.V. Expansion,</subfield><subfield code="c">1956-</subfield></datafield><datafield ind1=" " ind2=" " tag="300"><subfield code="a">v.</subfield></datafield><datafield ind1=" " ind2=" " tag="310"><subfield code="a">Monthly (irregular)</subfield></datafield><datafield ind1="0" ind2=" " tag="362"><subfield code="a">Vol. 1, no. 1 (June, 1956)-</subfield></datafield><datafield ind1="1" ind2=" " tag="362"><subfield code="a">Ceased in 1960?</subfield></datafield><datafield ind1=" " ind2=" " tag="500"><subfield code="a">Published aboard the "M.V. Expansion" of the Aleutian Marine Transport Co.</subfield></datafield><datafield ind1=" " ind2=" " tag="550"><subfield code="a">Nov. 19, 1960 issue is an insert in: Kodiak mirror.</subfield></datafield><datafield ind1=" " ind2="0" tag="651"><subfield code="a">Aleutian Islands (Alaska)</subfield><subfield code="v">Newspapers.</subfield></datafield><datafield ind1=" " ind2="0" tag="651"><subfield code="a">Kodiak (Alaska)</subfield><subfield code="v">Newspapers.</subfield></datafield><datafield ind1=" " ind2="0" tag="651"><subfield code="a">Seward (Alaska)</subfield><subfield code="v">Newspapers.</subfield></datafield><datafield ind1=" " ind2="7" tag="655"><subfield code="a">Newspapers.</subfield><subfield code="2">fast</subfield><subfield code="0">(OCoLC)fst01423814</subfield></datafield><datafield ind1=" " ind2="7" tag="651"><subfield code="a">Alaska</subfield><subfield code="z">Aleutian Islands.</subfield><subfield code="2">fast</subfield><subfield code="0">(OCoLC)fst01239641</subfield></datafield><datafield ind1=" " ind2="7" tag="651"><subfield code="a">Alaska</subfield><subfield code="z">Kodiak.</subfield><subfield code="2">fast</subfield><subfield code="0">(OCoLC)fst01209935</subfield></datafield><datafield ind1=" " ind2="7" tag="651"><subfield code="a">Alaska</subfield><subfield code="z">Seward.</subfield><subfield code="2">fast</subfield><subfield code="0">(OCoLC)fst01221903</subfield></datafield><datafield ind1=" " ind2=" " tag="752"><subfield code="a">United States</subfield><subfield code="b">Alaska</subfield><subfield code="d">Kodiak.</subfield></datafield><datafield ind1=" " ind2=" " tag="752"><subfield code="a">United States</subfield><subfield code="b">Alaska</subfield><subfield code="d">Seward.</subfield></datafield><datafield ind1="1" ind2=" " tag="777"><subfield code="t">Kodiak mirror</subfield><subfield code="w">(DLC)sn 83045298</subfield><subfield code="w">(OCoLC)9427149</subfield></datafield></record>